<?xml version="1.0" encoding="UTF-8"?><collection xmlns="http://www.loc.gov/MARC21/slim"><record><leader>00391nam--2200145-i-4500</leader><controlfield tag="001">000004801</controlfield><controlfield tag="002">20161230</controlfield><controlfield tag="005">20170114213835</controlfield><controlfield tag="008">060222s1000------------r-----000-0-eng-d</controlfield><datafield ind1=" " ind2=" " tag="100"><subfield code="a">Bigalke, Alfred</subfield></datafield><datafield ind1=" " ind2=" " tag="245"><subfield code="a">Messtechnik der elektronenstrahl-oszillographen</subfield></datafield><datafield ind1=" " ind2=" " tag="260"><subfield code="a">Karlsruhe</subfield><subfield code="b">Verlag G. Braun</subfield><subfield code="c">1959</subfield></datafield><datafield ind1=" " ind2=" " tag="300"><subfield code="a">XI + 221 p., 143 Fig</subfield></datafield><datafield ind1=" " ind2=" " tag="852"><subfield code="a">14593</subfield></datafield><datafield ind1=" " ind2=" " tag="CAT"><subfield code="a">SYS</subfield><subfield code="c">20170114</subfield><subfield code="h">213835</subfield></datafield></record></collection>